<record xmlns="http://www.loc.gov/MARC21/slim" xmlns:xsi="http://www.w3.org/2001/XMLSchema-instance" xsi:schemaLocation="http://www.loc.gov/MARC21/slim http://www.loc.gov/standards/marcxml/schema/MARC21slim.xsd"><leader>01345cz   2200373n  4500</leader><controlfield tag="001">oca00391099 </controlfield><controlfield tag="003">OCoLC</controlfield><controlfield tag="005">20050809132726.0</controlfield><controlfield tag="008">800320n| acannaab           |a aaa      </controlfield><datafield ind1=" " ind2=" " tag="010"><subfield code="a">n  80008541 </subfield><subfield code="z">n  96073904 </subfield></datafield><datafield ind1=" " ind2=" " tag="040"><subfield code="a">DLC</subfield><subfield code="c">DLC</subfield><subfield code="d">DLC</subfield><subfield code="d">NjP</subfield><subfield code="d">DLC</subfield></datafield><datafield ind1="0" ind2=" " tag="100"><subfield code="a">Apollonius,</subfield><subfield code="c">Rhodius</subfield></datafield><datafield ind1="0" ind2=" " tag="400"><subfield code="a">Apollonius,</subfield><subfield code="c">of Rhodes</subfield></datafield><datafield ind1="0" ind2=" " tag="400"><subfield code="a">Apollonios Rhodský</subfield></datafield><datafield ind1="0" ind2=" " tag="400"><subfield code="a">Apolloniĭ,</subfield><subfield code="c">Rodosskiĭ</subfield></datafield><datafield ind1="1" ind2=" " tag="400"><subfield code="a">Rodosskiĭ, Apolloniĭ</subfield></datafield><datafield ind1="0" ind2=" " tag="400"><subfield code="a">Apollonios,</subfield><subfield code="c">de Rhodes</subfield></datafield><datafield ind1="0" ind2=" " tag="400"><subfield code="a">Apollonio,</subfield><subfield code="c">Rodio</subfield></datafield><datafield ind1="0" ind2=" " tag="400"><subfield code="w">nnaa</subfield><subfield code="a">Apollonius Rhodius</subfield></datafield><datafield ind1="0" ind2=" " tag="400"><subfield code="a">Apollonios,</subfield><subfield code="c">Rodios</subfield></datafield><datafield ind1="1" ind2=" " tag="400"><subfield code="a">Rhodius, Apollonius</subfield></datafield><datafield ind1="0" ind2=" " tag="400"><subfield code="a">Apolonio,</subfield><subfield code="c">Rodio</subfield></datafield><datafield ind1="0" ind2=" " tag="400"><subfield code="a">Apollonios Rhodios</subfield></datafield><datafield ind1="0" ind2=" " tag="400"><subfield code="a">Apollonios,</subfield><subfield code="c">Rhodios</subfield></datafield><datafield ind1="0" ind2=" " tag="400"><subfield code="a">Apolonio,</subfield><subfield code="c">de Rodas</subfield></datafield><datafield ind1="0" ind2=" " tag="400"><subfield code="a">Apolonios Rodoseli</subfield></datafield><datafield ind1="0" ind2=" " tag="400"><subfield code="a">Apolonios,</subfield><subfield code="c">Rodoseli</subfield></datafield><datafield ind1="0" ind2=" " tag="400"><subfield code="a">Apollon,</subfield><subfield code="c">de Rhodes</subfield></datafield><datafield ind1=" " ind2=" " tag="670"><subfield code="a">Cañigral, L. de. Estudios métricos sobre Apolonio Rodio, 1979:</subfield><subfield code="b">t.p. (Apolonio Rodio)</subfield></datafield><datafield ind1=" " ind2=" " tag="670"><subfield code="a">His Apolloniou Rodiou "Ta argonautika", 1988.</subfield></datafield><datafield ind1=" " ind2=" " tag="670"><subfield code="a">Erzählung und Beschreibung in den Argonautika des Apollonios Rhodios, 1993.</subfield></datafield><datafield ind1=" " ind2=" " tag="670"><subfield code="a">Tradición y aportación personal en Apolonio de Rodas, 1991.</subfield></datafield><datafield ind1=" " ind2=" " tag="670"><subfield code="a">Argonavtika, 1975:</subfield><subfield code="b">t.p. (Apolonios Rodoseli)</subfield></datafield><datafield ind1=" " ind2=" " tag="670"><subfield code="a">www.rose-croix.org/histoire/histoire01</subfield><subfield code="b">(Apollon de Rhodes)</subfield></datafield></record>